<mx:record xmlns="http://www.w3.org/TR/xhtml1/strict" xmlns:mx="http://www.loc.gov/MARC21/slim" xmlns:xsi="http://www.w3.org/2001/XMLSchema-instance"><mx:leader>00000cz   2200000n  0000</mx:leader><mx:controlfield tag="001">oca01868449 </mx:controlfield><mx:controlfield tag="005">20000426033851.0</mx:controlfield><mx:controlfield tag="008">870604n| acannaabn           a aaa     c</mx:controlfield><mx:datafield ind1=" " ind2=" " tag="010"><mx:subfield code="a">n  86017321 </mx:subfield></mx:datafield><mx:datafield ind1=" " ind2=" " tag="040"><mx:subfield code="a">NjP</mx:subfield><mx:subfield code="c">DLC</mx:subfield><mx:subfield code="d">DLC</mx:subfield><mx:subfield code="d">UPB</mx:subfield><mx:subfield code="d">CSmH</mx:subfield></mx:datafield><mx:datafield ind1="1" ind2=" " tag="100"><mx:subfield code="a">Zonaras, Joannes,</mx:subfield><mx:subfield code="d">12th cent.</mx:subfield></mx:datafield><mx:datafield ind1="1" ind2=" " tag="400"><mx:subfield code="a">Zonaras, Ioannes,</mx:subfield><mx:subfield code="d">12th cent.</mx:subfield></mx:datafield><mx:datafield ind1="1" ind2=" " tag="400"><mx:subfield code="a">Zonaras, Johannes,</mx:subfield><mx:subfield code="d">12th cent.</mx:subfield></mx:datafield><mx:datafield ind1="1" ind2=" " tag="400"><mx:subfield code="a">Zonaras, John,</mx:subfield><mx:subfield code="d">12th cent.</mx:subfield></mx:datafield><mx:datafield ind1="1" ind2=" " tag="400"><mx:subfield code="a">Zonaras, Ioannes,</mx:subfield><mx:subfield code="d">12th cent.</mx:subfield></mx:datafield><mx:datafield ind1=" " ind2=" " tag="670"><mx:subfield code="a">His Epitome historiarum. Book 17-18. German. Militärs und Höflinge ... c1986:</mx:subfield><mx:subfield code="b">t.p. (Johannes Zonaras) p. 9 (Ioannes Zonaras, lived during first half of 12th century)</mx:subfield></mx:datafield><mx:datafield ind1=" " ind2=" " tag="670"><mx:subfield code="a">LC in RLIN, 5-7-87</mx:subfield><mx:subfield code="b">(hdg.: Zonaras, Joannes, 12th cent.; usage: Ioannas Zonaras)</mx:subfield></mx:datafield><mx:datafield ind1=" " ind2=" " tag="670"><mx:subfield code="a">New Enc. Brit.</mx:subfield><mx:subfield code="b">(Zonaras, John, fl. first half of the 12th century; Byzantine historian)</mx:subfield></mx:datafield><mx:datafield ind1=" " ind2=" " tag="670"><mx:subfield code="a">Enc. Americana</mx:subfield><mx:subfield code="b">(Zonaras, Joannes, fl. 1120)</mx:subfield></mx:datafield><mx:datafield ind1=" " ind2=" " tag="670"><mx:subfield code="a">Oxf. class. dict.</mx:subfield><mx:subfield code="b">(Zonaras, Johannes)</mx:subfield></mx:datafield><mx:datafield ind1=" " ind2=" " tag="670"><mx:subfield code="a">Pselli. doctiss. uiri, Prespicuus liber de quatuor mathematicis scientijs, arithmetica, musica, geometria, &amp; astronomia, 1556?:</mx:subfield><mx:subfield code="b">t.p. (De Ioannis Zonarae Annalibus)</mx:subfield></mx:datafield><mx:datafield ind1=" " ind2=" " tag="999"><mx:subfield code="a">3170.5239</mx:subfield></mx:datafield></mx:record>